@article{Matinfar2012,
author      = {M. Matinfar and H. Zareamoghaddam and M. Eslami and M. Saeidy},
title       = {GMRES implementations and residual smoothing techniques for solving ill-posed linear systems},
journal     = {Comput. Math. with Appl.},
volume      = {63},
%pages       = {1-13},
year        = {2012},
}

@article{Saad86,
author      = {Y. Saad and M. H. Schultz},
title       = {GMRES: A generalized minimal residual algorithm for solving nonsymmetric linear systems},
journal     = {SIAM J. Sci. Stat. Comput},
year        = {1986},
volume      = {7},
%pages       = {856--869}
}

@book{Saad2003,
author      = {Y. Saad},
title       = {Iterative Methods for Sparse Linear Systems},
publisher   = {Society for Industrial and Applied Mathematics},
year        = {2003},
edition     = {Second},
}